<?xml version="1.0" encoding="UTF-8"?><collection xmlns="http://www.loc.gov/MARC21/slim"><record><leader>00492nam--2200169-i-4500</leader><controlfield tag="001">000013149</controlfield><controlfield tag="002">20161230</controlfield><controlfield tag="005">20170122214425</controlfield><controlfield tag="008">060222s1000------------r-----000-0-eng-d</controlfield><datafield ind1=" " ind2=" " tag="080"><subfield code="a">165</subfield></datafield><datafield ind1=" " ind2=" " tag="100"><subfield code="a">Boutry, G. A</subfield></datafield><datafield ind1=" " ind2=" " tag="245"><subfield code="a">La connaissance et la puissance. Essai sur l`e nvers de la recherche</subfield></datafield><datafield ind1=" " ind2=" " tag="260"><subfield code="a">Paris</subfield><subfield code="b">Editions Albin Michel</subfield><subfield code="c">1974</subfield></datafield><datafield ind1=" " ind2=" " tag="300"><subfield code="a">252 p</subfield></datafield><datafield ind1=" " ind2=" " tag="490"><subfield code="a">Sciences D`Aujourd`Hui. Collection Dirigee Par Andre George</subfield></datafield><datafield ind1=" " ind2=" " tag="852"><subfield code="a">47298</subfield></datafield><datafield ind1=" " ind2=" " tag="CAT"><subfield code="a">SYS</subfield><subfield code="c">20170122</subfield><subfield code="h">214425</subfield></datafield></record></collection>